%% This BibTeX bibliography file was created using BibDesk.
%% http://bibdesk.sourceforge.net/


%% Created for Thomas Leavitt at 2016-08-04 00:40:48 -0400 


%% Saved with string encoding Unicode (UTF-8) 



@article{cerdaetal2012,
	Author = {Cerd{\'a}, Magdalena and Morenoff, Jeffrey D and Hansen, Ben B and Hicks, Kimberly J Tessari and Duque, Luis F and Restrepo, Alexandra and Diez-Roux, Ana V},
	Date-Added = {2016-08-04 04:40:01 +0000},
	Date-Modified = {2016-08-04 04:40:39 +0000},
	Journal = {American Journal of Epidemiology},
	Number = {10},
	Pages = {1045--1053},
	Title = {Reducing Violence by Transforming Neighborhoods: A Natural Experiment in Medell{\'\i}n, Colombia},
	Volume = {175},
	Year = {2012}}

@article{hajek1960,
	Author = {H{\'a}jek, Jaroslav},
	Date-Added = {2016-08-04 04:02:42 +0000},
	Date-Modified = {2016-08-04 04:17:28 +0000},
	Journal = {Publications of the Mathematics Institute of the Hungarian Academy of Science},
	Pages = {361--374},
	Title = {Limiting Distributions in Simple Random Sampling from a Finite Population},
	Volume = {5},
	Year = {1960}}

@article{rosenbaumsilber2009,
	Author = {Rosenbaum, Paul R and Silber, Jeffrey H},
	Date-Added = {2016-08-03 17:47:10 +0000},
	Date-Modified = {2016-08-03 17:48:04 +0000},
	Journal = {Journal of the American Statistical Association},
	Number = {488},
	Pages = {1398--1405},
	Title = {Amplification of sensitivity analysis in matched observational studies},
	Volume = {104},
	Year = {2009}}

@article{imbens2003,
	Author = {Imbens, Guido W},
	Date-Added = {2016-08-03 16:51:04 +0000},
	Date-Modified = {2016-08-03 16:51:18 +0000},
	Journal = {The American Economic Review},
	Number = {2},
	Pages = {126--132},
	Title = {Sensitivity to Exogeneity Assumptions in Program Evaluation},
	Volume = {93},
	Year = {2003}}

@article{hhh2010,
	Author = {Hosman, Carrie A and Hansen, Ben B and Holland, Paul W},
	Date-Added = {2016-08-03 16:47:51 +0000},
	Date-Modified = {2016-08-03 16:48:55 +0000},
	Journal = {The Annals of Applied Statistics},
	Number = {2},
	Pages = {849--870},
	Title = {The Sensitivity of Linear Regression Coefficients' Confidence Limits to the Omission of a Confounder},
	Volume = {4},
	Year = {2010}}

@article{rosenbaum2007b,
	Author = {Rosenbaum, Paul R},
	Date-Added = {2016-08-03 16:37:56 +0000},
	Date-Modified = {2016-08-03 16:38:10 +0000},
	Journal = {Biometrics},
	Number = {4},
	Pages = {1164--1171},
	Title = {Confidence intervals for uncommon but dramatic responses to treatment},
	Volume = {63},
	Year = {2007}}

@article{stephenson1981,
	Author = {Stephenson, W Robert},
	Date-Added = {2016-08-03 16:36:13 +0000},
	Date-Modified = {2016-08-03 16:36:21 +0000},
	Journal = {Journal of the American Statistical Association},
	Number = {376},
	Pages = {960--966},
	Title = {A general class of one-sample nonparametric test statistics based on subsamples},
	Volume = {76},
	Year = {1981}}

@article{aronowmiddleton2013,
	Author = {Aronow, Peter M and Middleton, Joel A},
	Date-Added = {2016-08-03 16:28:39 +0000},
	Date-Modified = {2016-08-03 16:29:11 +0000},
	Journal = {Journal of Causal Inference},
	Number = {1},
	Pages = {135--154},
	Title = {A Class of Unbiased Estimators of the Average Treatment Effect in Randomized Experiments},
	Volume = {1},
	Year = {2013}}

@book{angristpischke2014,
	Address = {Princeton, NJ},
	Author = {Angrist, Joshua D and Pischke, J{\"o}rn-Steffen},
	Date-Added = {2016-08-03 16:21:03 +0000},
	Date-Modified = {2016-08-03 16:21:46 +0000},
	Publisher = {Princeton University Press},
	Title = {Mastering 'Metrics: The Path from Cause to Effect},
	Year = {2014}}

@article{saleshansen2014,
	Author = {Sales, Adam and Hansen, Ben B},
	Date-Added = {2016-08-03 16:19:03 +0000},
	Date-Modified = {2016-08-03 16:19:12 +0000},
	Journal = {arXiv preprint arXiv:1403.5478},
	Title = {Limitless Regression Discontinuity},
	Year = {2014}}

@article{caugheysekhon2011,
	Author = {Caughey, Devin and Sekhon, Jasjeet S},
	Date-Added = {2016-08-03 16:13:11 +0000},
	Date-Modified = {2016-08-03 16:13:42 +0000},
	Journal = {Political Analysis},
	Number = {4},
	Pages = {385--408},
	Title = {Elections and the Regression Discontinuity Design: Lessons from Close US House Races, 1942--2008},
	Volume = {19},
	Year = {2011}}

@article{lee2008,
	Author = {Lee, David S},
	Date-Added = {2016-08-03 16:12:21 +0000},
	Date-Modified = {2016-08-03 16:12:45 +0000},
	Journal = {Journal of Econometrics},
	Number = {2},
	Pages = {675--697},
	Title = {Randomized Experiments from Non-Random Selection in US House Elections},
	Volume = {142},
	Year = {2008}}

@book{angristpischke2008,
	Address = {Princeton, NJ},
	Author = {Angrist, Joshua D and Pischke, J{\"o}rn-Steffen},
	Date-Added = {2016-08-03 16:07:12 +0000},
	Date-Modified = {2016-08-03 16:07:47 +0000},
	Publisher = {Princeton university press},
	Title = {Mostly Harmless Econometrics: An Empiricist's Companion},
	Year = {2008}}

@article{freedman2008b,
	Author = {Freedman, David A},
	Date-Added = {2016-08-03 15:57:31 +0000},
	Date-Modified = {2016-08-03 15:58:35 +0000},
	Journal = {Statistical Science},
	Number = {2},
	Pages = {237--249},
	Title = {Randomization Does Not Justify Logistic Regression},
	Volume = {23},
	Year = {2008}}

@incollection{hansen2011,
	Address = {New York, NY},
	Author = {Hansen, Ben B},
	Booktitle = {Looking Back: Proceedings of a Conference in Honor of Paul W. Holland},
	Chapter = {9},
	Date-Added = {2016-08-03 15:36:17 +0000},
	Date-Modified = {2016-08-03 15:40:04 +0000},
	Editor = {Neil J. Dorans and Sandip Sinharay},
	Pages = {149--181},
	Publisher = {Springer},
	Series = {Lecture Notes in Statistics},
	Title = {Propensity Score Matching to Extract Latent Experiments from Nonexperimental Data: A Case Study},
	Volume = {202},
	Year = {2011}}

@book{fpp2007,
	Address = {New York, NY},
	Author = {Freedman, D and Pisani, R and Purves, R},
	Date-Added = {2016-08-03 15:01:18 +0000},
	Date-Modified = {2016-08-03 15:22:28 +0000},
	Edition = {4th},
	Publisher = {W. W. Norton \& Company},
	Title = {Statistics},
	Year = {2007}}

@book{dunning2012,
	Address = {New York, NY},
	Author = {Dunning, Thad},
	Date-Added = {2016-08-03 14:59:24 +0000},
	Date-Modified = {2016-08-03 14:59:52 +0000},
	Publisher = {Cambridge University Press},
	Title = {Natural Experiments in the Social Sciences: A Design-Based Approach},
	Year = {2012}}

@article{hansensales2015,
	Author = {Hansen, Ben B and Sales, Adam},
	Date-Added = {2016-07-29 00:09:14 +0000},
	Date-Modified = {2016-07-29 00:13:27 +0000},
	Journal = {Observational Studies},
	Pages = {184--193},
	Title = {Comment on Cochran's ``Observational Studies''},
	Year = {2015}}

@article{berger1988,
	Author = {Berger, Roger L and Boos, Dennis D and Guess, Frank M},
	Date-Added = {2016-07-29 00:06:17 +0000},
	Date-Modified = {2016-07-29 00:06:36 +0000},
	Journal = {Biometrics},
	Pages = {103--115},
	Title = {Tests and confidence sets for comparing two mean residual life functions},
	Year = {1988}}

@article{rosenbaum2007a,
	Author = {Rosenbaum, Paul R},
	Date-Added = {2016-06-29 18:55:03 +0000},
	Date-Modified = {2016-08-03 16:38:17 +0000},
	Journal = {Journal of the American Statistical Association},
	Number = {477},
	Pages = {191--200},
	Title = {Interference Between Units in Randomized Experiments},
	Volume = {102},
	Year = {2007}}

@article{rubin1980,
	Author = {Rubin, Donald B},
	Date-Added = {2016-06-29 18:20:02 +0000},
	Date-Modified = {2016-06-29 18:20:28 +0000},
	Journal = {Journal of the American Statistical Association},
	Number = {371},
	Pages = {591--593},
	Title = {Randomization Analysis of Experimental Data: The Fisher Randomization Test Comment},
	Volume = {75},
	Year = {1980}}

@article{rubin2005,
	Author = {Rubin, Donald B},
	Date-Added = {2016-06-29 15:51:39 +0000},
	Date-Modified = {2016-06-29 15:56:56 +0000},
	Journal = {Journal of the American Statistical Association},
	Number = {469},
	Pages = {322--331},
	Title = {Causal Inference Using Potential Outcomes: Design, Modeling, Decisions},
	Volume = {100},
	Year = {2005}}

@article{hartleyross1954,
	Author = {Hartley, HO and Ross, A},
	Date-Added = {2016-06-29 15:04:00 +0000},
	Date-Modified = {2016-06-29 15:04:51 +0000},
	Journal = {Nature},
	Pages = {270--271},
	Title = {Unbiased Ratio Estimators},
	Volume = {174},
	Year = {1954}}

@book{rubin1987multipleimputation,
	Address = {New York, NY},
	Author = {Rubin, Donald B},
	Date-Added = {2016-06-28 12:06:05 +0000},
	Date-Modified = {2016-06-28 12:08:31 +0000},
	Publisher = {John Wiley \& Sons},
	Title = {Multiple Imputation for Nonresponse in Surveys},
	Year = {1987}}

@article{imbensrosenbaum2005,
	Author = {Imbens, Guido W and Rosenbaum, Paul R},
	Date-Added = {2016-06-19 23:14:44 +0000},
	Date-Modified = {2016-06-19 23:15:19 +0000},
	Journal = {Journal of the Royal Statistical Society: Series A (Statistics in Society)},
	Number = {1},
	Pages = {109--126},
	Title = {Robust, Accurate Confidence Intervals with a Weak Instrument: Quarter of Birth and Education},
	Volume = {168},
	Year = {2005}}

@article{angrist1997,
	Author = {Angrist, Joshua D},
	Date-Added = {2016-06-19 21:31:42 +0000},
	Date-Modified = {2016-06-19 21:32:03 +0000},
	Journal = {Economics Letters},
	Number = {2},
	Pages = {103--112},
	Title = {Conditional Independence in Sample Selection Models},
	Volume = {54},
	Year = {1997}}

@article{ahnpowell1993,
	Author = {Ahn, Hyungtaik and Powell, James L},
	Date-Added = {2016-06-19 21:30:06 +0000},
	Date-Modified = {2016-06-28 12:10:20 +0000},
	Journal = {Journal of Econometrics},
	Number = {1-2},
	Pages = {3--29},
	Title = {Semiparametric Estimation of Censored Selection Models with a Nonparametric Selection Mechanism},
	Volume = {58},
	Year = {1993}}

@incollection{zhangetal2008,
	Address = {London, UK},
	Author = {Zhang, Junni L and Rubin, Donald B and Mealli, Fabrizia},
	Booktitle = {Modelling and Evaluating Treatment Effects in Econometrics},
	Date-Added = {2016-06-19 21:20:42 +0000},
	Date-Modified = {2016-06-19 21:28:30 +0000},
	Editor = {Fomby, Tom and Hill, R and Millimet, Daniel and Smith, Jeffrey and Vytlacil, Edward},
	Pages = {117--145},
	Publisher = {Emerald Group Publishing Limited},
	Series = {Advances in Econometrics},
	Title = {Evaluating the Effects of Job Training Programs on Wages through Principal Stratification},
	Volume = {21},
	Year = {2008}}

@incollection{heckmanvytlacil2001,
	Address = {New York, NY},
	Author = {Heckman, James J and Vytlacil, Edward J},
	Booktitle = {Econometric Evaluation of Labour Market Policies},
	Date-Added = {2016-06-19 21:16:10 +0000},
	Date-Modified = {2016-06-19 21:18:56 +0000},
	Editor = {Lechner, Michael and Pfeiffer, Friedhelm},
	Pages = {1--15},
	Publisher = {Springer},
	Series = {ZEW Economic Studies},
	Title = {Instrumental Variables, Selection Models, and Tight Bounds on the Average Treatment Effect},
	Volume = {13},
	Year = {2001}}

@article{heckmanvytlacil1999,
	Author = {Heckman, James J and Vytlacil, Edward J},
	Date-Added = {2016-06-19 21:14:36 +0000},
	Date-Modified = {2016-06-29 15:05:35 +0000},
	Journal = {Proceedings of the National Academy of Sciences},
	Number = {8},
	Pages = {4730--4734},
	Title = {Local Instrumental Variables and Latent Variable Models for Identifying and Bounding Treatment Effects},
	Volume = {96},
	Year = {1999}}

@incollection{heckmanrobb1986,
	Address = {New York, NY},
	Author = {Heckman, James J and Robb, Richard},
	Booktitle = {Drawing Inferences from Self-Selected Samples},
	Date-Added = {2016-06-19 21:10:30 +0000},
	Date-Modified = {2016-06-19 21:12:10 +0000},
	Editor = {Wainer, Howard},
	Pages = {63--107},
	Publisher = {Springer},
	Title = {Alternative Methods for Solving the Problem of Selection Bias in Evaluating the Impact of Treatments on Outcomes},
	Year = {1986}}

@article{robinswang2000,
	Author = {Robins, James M and Wang, Naisyin},
	Date-Added = {2016-06-19 21:05:46 +0000},
	Date-Modified = {2016-06-19 21:06:01 +0000},
	Journal = {Biometrika},
	Number = {1},
	Pages = {113--124},
	Title = {Inference for Imputation Estimators},
	Volume = {87},
	Year = {2000}}

@article{imairatkovic2014,
	Author = {Imai, Kosuke and Ratkovic, Marc},
	Date-Added = {2016-06-19 21:02:53 +0000},
	Date-Modified = {2016-06-19 21:03:14 +0000},
	Journal = {Journal of the Royal Statistical Society: Series B (Statistical Methodology)},
	Number = {1},
	Pages = {243--263},
	Title = {Covariate Balancing Propensity Score},
	Volume = {76},
	Year = {2014}}

@article{rotnitzkyetal2012,
	Author = {Rotnitzky, Andrea and Lei, Quanhong and Sued, Mariela and Robins, James M},
	Date-Added = {2016-06-19 21:01:43 +0000},
	Date-Modified = {2016-06-19 21:02:11 +0000},
	Journal = {Biometrika},
	Number = {2},
	Pages = {439--456},
	Title = {Improved Double-Robust Estimation in Missing Data and Causal Inference Models},
	Volume = {99},
	Year = {2012}}

@article{tan2010,
	Author = {Tan, Zhiqiang},
	Date-Added = {2016-06-19 21:00:36 +0000},
	Date-Modified = {2016-06-19 21:00:59 +0000},
	Journal = {Biometrika},
	Number = {3},
	Pages = {661--682},
	Title = {Bounded, Efficient and Doubly Robust Estimation with Inverse Weighting},
	Volume = {97},
	Year = {2010}}

@article{robinsetal2007,
	Author = {Robins, James and Sued, Mariela and Lei-Gomez, Quanhong and Rotnitzky, Andrea},
	Date-Added = {2016-06-19 20:59:19 +0000},
	Date-Modified = {2016-06-19 20:59:49 +0000},
	Journal = {Statistical Science},
	Number = {4},
	Pages = {544--559},
	Title = {Comment: Performance of Double-Robust Estimators when "Inverse Probability" Weights are Highly Variable},
	Volume = {22},
	Year = {2007}}

@article{kangschafer2007,
	Author = {Kang, Joseph DY and Schafer, Joseph L},
	Date-Added = {2016-06-19 20:57:20 +0000},
	Date-Modified = {2016-06-29 15:01:16 +0000},
	Journal = {Statistical Science},
	Number = {4},
	Pages = {523--539},
	Title = {Demystifying Double Robustness: A comparison of alternative strategies for estimating a population mean from incomplete data},
	Volume = {22},
	Year = {2007}}

@article{yaulittle2001,
	Author = {Yau, Linda HY and Little, Roderick J},
	Date-Added = {2016-06-19 20:41:47 +0000},
	Date-Modified = {2016-06-19 20:42:40 +0000},
	Journal = {Journal of the American Statistical Association},
	Number = {456},
	Pages = {1232--1244},
	Title = {Inference for the Complier-Average Causal Effect from Longitudinal Data Subject to Noncompliance and Missing Data, with Application to a Job Training Assessment for the Unemployed},
	Volume = {96},
	Year = {2001}}

@article{frangakisrubin1999,
	Author = {Frangakis, Constantine E and Rubin, Donald B},
	Date-Added = {2016-06-19 20:39:05 +0000},
	Date-Modified = {2016-06-19 20:39:53 +0000},
	Journal = {Biometrika},
	Number = {2},
	Pages = {365--379},
	Title = {Addressing Complications of Intention-to-Treat Analysis in the Combined Presence of All-or-None Treatment-Noncompliance and Subsequent Missing Outcomes},
	Volume = {86},
	Year = {1999}}

@article{vansteelandtgoetghebeur2001,
	Author = {Vansteelandt, Stijn and Goetghebeur, Els},
	Date-Added = {2016-06-19 20:34:36 +0000},
	Date-Modified = {2016-06-19 20:35:13 +0000},
	Journal = {Journal of Computational and Graphical Statistics},
	Number = {4},
	Pages = {656--672},
	Title = {Analyzing the Sensitivity of Generalized Linear Models to Incomplete Outcomes via the IDE Algorithm},
	Volume = {10},
	Year = {2001}}

@article{verzillicarpenter2002,
	Author = {Verzilli, Claudio J and Carpenter, James R},
	Date-Added = {2016-06-19 20:32:25 +0000},
	Date-Modified = {2016-06-19 20:32:59 +0000},
	Journal = {Statistical Modelling},
	Number = {3},
	Pages = {203--215},
	Title = {Assessing Uncertainty about Parameter Estimates with Incomplete Repeated Ordinal Data},
	Volume = {2},
	Year = {2002}}

@article{scharfsteinetal1999,
	Author = {Scharfstein, Daniel O and Rotnitzky, Andrea and Robins, James M},
	Date-Added = {2016-06-19 20:31:04 +0000},
	Date-Modified = {2016-06-19 20:31:35 +0000},
	Journal = {Journal of the American Statistical Association},
	Number = {448},
	Pages = {1096--1120},
	Title = {Adjusting for Nonignorable Drop-Out Using Semiparametric Nonresponse Models},
	Volume = {94},
	Year = {1999}}

@book{littlerubin2014,
	Address = {New York, NY},
	Author = {Little, Roderick JA and Rubin, Donald B},
	Date-Added = {2016-06-19 20:23:16 +0000},
	Date-Modified = {2016-06-19 20:26:30 +0000},
	Edition = {2nd},
	Publisher = {John Wiley \& Sons},
	Title = {Statistical Analysis with Missing Data},
	Year = {2014}}

@article{frangakisrubin2002,
	Author = {Frangakis, Constantine E and Rubin, Donald B},
	Date-Added = {2016-06-19 20:07:43 +0000},
	Date-Modified = {2016-06-19 20:08:03 +0000},
	Journal = {Biometrics},
	Number = {1},
	Pages = {21--29},
	Title = {Principal Stratification in Causal Inference},
	Volume = {58},
	Year = {2002}}

@article{horowitzmanski1998,
	Author = {Horowitz, Joel L and Manski, Charles F},
	Date-Added = {2016-06-19 19:48:16 +0000},
	Date-Modified = {2016-06-19 19:48:54 +0000},
	Journal = {Journal of Econometrics},
	Number = {1},
	Pages = {37--58},
	Title = {Censoring of Outcomes and Regressors due to Survey Nonresponse: Identification and Estimation using Weights and Imputations},
	Volume = {84},
	Year = {1998}}

@article{stoye2009,
	Author = {Stoye, J{\"o}rg},
	Date-Added = {2016-06-19 17:26:18 +0000},
	Date-Modified = {2016-06-19 17:26:37 +0000},
	Journal = {Econometrica},
	Number = {4},
	Pages = {1299--1315},
	Title = {More on Confidence Intervals for Partially Identified Parameters},
	Volume = {77},
	Year = {2009}}

@incollection{robinsetal2000,
	Address = {New York, NY},
	Author = {Robins, James M and Rotnitzky, Andrea and Scharfstein, Daniel O},
	Booktitle = {Statistical Models in Epidemiology, the Environment, and Clinical Trials},
	Date-Added = {2016-06-19 17:21:49 +0000},
	Date-Modified = {2016-06-19 17:23:26 +0000},
	Pages = {1--94},
	Publisher = {Springer},
	Title = {Sensitivity Analysis for Selection Bias and Unmeasured Confounding in Missing Data and Causal Inference Models},
	Year = {2000}}

@article{manski1990,
	Author = {Manski, Charles F},
	Date-Added = {2016-06-19 17:20:16 +0000},
	Date-Modified = {2016-06-19 17:20:32 +0000},
	Journal = {The American Economic Review},
	Number = {2},
	Pages = {319--323},
	Title = {Nonparametric Bounds on Treatment Effects},
	Volume = {80},
	Year = {1990}}

@article{imai2009,
	Author = {Imai, Kosuke},
	Date-Added = {2016-06-19 17:18:44 +0000},
	Date-Modified = {2016-06-19 17:19:26 +0000},
	Journal = {Journal of the Royal Statistical Society: Series C (Applied Statistics)},
	Number = {1},
	Pages = {83--104},
	Title = {Statistical Analysis of Randomized Experiments with Non-Ignorable Missing Binary Outcomes: An Application to a Voting Experiment},
	Volume = {58},
	Year = {2009}}

@article{imai2008,
	Author = {Imai, Kosuke},
	Date-Added = {2016-06-19 17:16:26 +0000},
	Date-Modified = {2016-06-29 15:00:58 +0000},
	Journal = {Statistics \& Probability Letters},
	Number = {2},
	Pages = {144--149},
	Title = {Sharp Bounds on the Causal Effects in Randomized Experiments with ``truncation-by-death''},
	Volume = {78},
	Year = {2008}}

@article{aronowlee2013,
	Author = {Aronow, Peter M and Lee, Donald KK},
	Date-Added = {2016-06-19 16:56:53 +0000},
	Date-Modified = {2016-06-19 16:57:27 +0000},
	Journal = {Biometrika},
	Number = {1},
	Pages = {235--240},
	Title = {Interval Estimation of Population Means under Unknown but Bounded Probabilities of Sample Selection},
	Volume = {100},
	Year = {2013}}

@article{imbensmanski2004,
	Author = {Imbens, Guido W and Manski, Charles F},
	Date-Added = {2016-06-19 16:54:19 +0000},
	Date-Modified = {2016-06-19 16:55:03 +0000},
	Journal = {Econometrica},
	Number = {6},
	Pages = {1845--1857},
	Title = {Confidence Intervals for Partially Identified Parameters},
	Volume = {72},
	Year = {2004}}

@article{heckman1976,
	Author = {Heckman, James},
	Date-Added = {2016-06-19 16:21:59 +0000},
	Date-Modified = {2016-06-19 16:23:34 +0000},
	Journal = {Annals of Economic and Social Measurement},
	Number = {4},
	Pages = {475--492},
	Title = {The common structure of statistical models of truncation, sample selection and limited dependent Variables and a Simple Estimator for such Models},
	Volume = {5},
	Year = {1976}}

@article{rubin2006,
	Author = {Rubin, Donald B},
	Date-Added = {2016-06-16 22:52:45 +0000},
	Date-Modified = {2016-06-19 19:42:27 +0000},
	Journal = {Statistical Science},
	Number = {3},
	Pages = {299--309},
	Title = {Causal Inference through Potential Outcomes and Principal Stratification: Application to Studies with "Censoring" due to Death},
	Volume = {21},
	Year = {2006}}

@article{keeletitiunik2015GeographicRDD,
	Author = {Keele, Luke J and Titiunik, Rocio},
	Date-Added = {2016-06-15 21:03:28 +0000},
	Date-Modified = {2016-06-15 21:06:32 +0000},
	Journal = {Political Analysis},
	Number = {1},
	Pages = {127--155},
	Title = {Geographic Boundaries as Regression Discontinuities},
	Volume = {23},
	Year = {2015}}

@article{keeletitiunikzubizarreta2015,
	Author = {Keele, Luke and Titiunik, Roc{\'\i}o and Zubizarreta, Jos{\'e} R},
	Date-Added = {2016-06-15 21:02:11 +0000},
	Date-Modified = {2016-06-15 21:02:32 +0000},
	Journal = {Journal of the Royal Statistical Society: Series A (Statistics in Society)},
	Number = {1},
	Pages = {223--239},
	Publisher = {Wiley Online Library},
	Title = {Enhancing a geographic regression discontinuity design through matching to estimate the effect of ballot initiatives on voter turnout},
	Volume = {178},
	Year = {2015}}

@article{keeletitiunik2016,
	Author = {Keele, Luke and Titiunik, Roc{\'\i}o},
	Date-Added = {2016-06-15 21:01:35 +0000},
	Date-Modified = {2016-06-15 21:01:53 +0000},
	Journal = {Political Science Research and Methods},
	Number = {01},
	Pages = {65--95},
	Publisher = {Cambridge Univ Press},
	Title = {Natural experiments based on geography},
	Volume = {4},
	Year = {2016}}

@article{cattaneoetal2015,
	Author = {Cattaneo, Matias D and Frandsen, Brigham R and Titiunik, Rocio},
	Date-Added = {2016-06-15 21:00:33 +0000},
	Date-Modified = {2016-06-15 21:01:10 +0000},
	Journal = {Journal of Causal Inference},
	Number = {1},
	Pages = {1--24},
	Title = {Randomization Inference in the Regression Discontinuity Design: An Application to Party Advantages in the US Senate},
	Volume = {3},
	Year = {2015}}

@article{calonicoetal2014,
	Author = {Calonico, Sebastian and Cattaneo, Matias D and Titiunik, Rocio},
	Date-Added = {2016-06-15 20:59:56 +0000},
	Date-Modified = {2016-06-15 21:00:09 +0000},
	Journal = {Econometrica},
	Number = {6},
	Pages = {2295--2326},
	Publisher = {Wiley Online Library},
	Title = {Robust Nonparametric Confidence Intervals for Regression-Discontinuity Designs},
	Volume = {82},
	Year = {2014}}

@article{lewis1973,
	Author = {Lewis, David},
	Date-Added = {2016-06-07 03:04:02 +0000},
	Date-Modified = {2016-06-07 03:05:42 +0000},
	Journal = {Journal of Philosophy},
	Number = {17},
	Pages = {556--67},
	Title = {Causation},
	Volume = {70},
	Year = {1973}}

@article{dinggeng2014,
	Author = {Ding, Peng and Geng, Zhi},
	Date-Added = {2016-06-04 04:42:08 +0000},
	Date-Modified = {2016-06-04 04:43:10 +0000},
	Journal = {Statistics in medicine},
	Number = {7},
	Pages = {1121--1133},
	Title = {Identifiability of Subgroup Causal Effects in Randomized Experiments with Nonignorable Missing Covariates},
	Volume = {33},
	Year = {2014}}

@article{dingetal2015,
	Author = {Ding, Peng and Feller, Avi and Miratrix, Luke},
	Date-Added = {2016-06-04 04:31:24 +0000},
	Date-Modified = {2016-06-04 04:32:11 +0000},
	Journal = {Journal of the Royal Statistical Society: Series B (Statistical Methodology)},
	Number = {3},
	Pages = {655--671},
	Title = {Randomization Inference for Treatment Effect Variation},
	Volume = {78},
	Year = {2015}}

@article{miratrixetal2013,
	Author = {Miratrix, Luke W and Sekhon, Jasjeet S and Yu, Bin},
	Date-Added = {2016-06-04 04:27:41 +0000},
	Date-Modified = {2016-06-04 04:27:56 +0000},
	Journal = {Journal of the Royal Statistical Society: Series B (Statistical Methodology)},
	Number = {2},
	Pages = {369--396},
	Publisher = {Wiley Online Library},
	Title = {Adjusting treatment effect estimates by post-stratification in randomized experiments},
	Volume = {75},
	Year = {2013}}

@book{cochran1977,
	Address = {Hoboken, NJ},
	Author = {Cochran, William G},
	Date-Added = {2016-06-04 04:21:55 +0000},
	Date-Modified = {2016-06-04 04:24:34 +0000},
	Edition = {3rd},
	Publisher = {John Wiley \& Sons},
	Title = {Sampling Techniques},
	Year = {1977}}

@article{gadburyetal2004,
	Author = {Gadbury, Gary L and Iyer, Hari K and Albert, Jeffrey M},
	Date-Added = {2016-06-04 04:07:47 +0000},
	Date-Modified = {2016-06-04 04:08:16 +0000},
	Journal = {Journal of statistical planning and inference},
	Number = {2},
	Pages = {163--174},
	Title = {Individual Treatment Effects in Randomized Trials with Binary Outcomes},
	Volume = {121},
	Year = {2004}}

@article{robins1988,
	Author = {Robins, James M},
	Date-Added = {2016-06-04 04:05:19 +0000},
	Date-Modified = {2016-06-04 04:05:42 +0000},
	Journal = {Statistics in Medicine},
	Number = {7},
	Pages = {773--785},
	Title = {Confidence Intervals for Causal Parameters},
	Volume = {7},
	Year = {1988}}

@article{aronowetal2014,
	Author = {Aronow, Peter M and Green, Donald P and Lee, Donald KK and others},
	Date-Added = {2016-06-04 04:03:26 +0000},
	Date-Modified = {2016-06-04 04:03:50 +0000},
	Journal = {The Annals of Statistics},
	Number = {3},
	Pages = {850--871},
	Title = {Sharp Bounds on the Variance in Randomized Experiments},
	Volume = {42},
	Year = {2014}}

@article{frieden1994,
	Author = {Frieden, Jeffry A},
	Date-Added = {2016-06-04 02:42:17 +0000},
	Date-Modified = {2016-06-04 02:42:39 +0000},
	Journal = {International Organization},
	Number = {04},
	Pages = {559--593},
	Title = {International Investment and Colonial Control: A New Interpretation},
	Volume = {48},
	Year = {1994}}

@book{ertman1997,
	Address = {New York, NY},
	Author = {Ertman, Thomas},
	Date-Added = {2016-06-04 02:41:23 +0000},
	Date-Modified = {2016-06-04 02:41:51 +0000},
	Publisher = {Cambridge University Press},
	Title = {Birth of the Leviathan: Building States and Regimes in Medieval and Early Modern Europe},
	Year = {1997}}

@article{paler2013,
	Author = {Paler, Laura},
	Date-Added = {2016-06-04 02:39:26 +0000},
	Date-Modified = {2016-06-04 02:39:59 +0000},
	Journal = {American Political Science Review},
	Number = {04},
	Pages = {706--725},
	Title = {Keeping the Public Purse: An Experiment in Windfalls, Taxes, and the Incentives to Restrain Government},
	Volume = {107},
	Year = {2013}}

@article{przeworski2009,
	Author = {Przeworski, Adam},
	Date-Added = {2016-06-04 02:36:37 +0000},
	Date-Modified = {2016-06-04 02:36:58 +0000},
	Journal = {British Journal of Political Science},
	Number = {2},
	Pages = {291--321},
	Title = {Conquered or Granted? A History of Suffrage Extensions},
	Volume = {39},
	Year = {2009}}

@article{woodberry2012,
	Author = {Woodberry, Robert D},
	Date-Added = {2016-06-04 02:35:40 +0000},
	Date-Modified = {2016-06-04 02:35:59 +0000},
	Journal = {American Political Science Review},
	Number = {02},
	Pages = {244--274},
	Title = {The Missionary Roots of Liberal Democracy},
	Volume = {106},
	Year = {2012}}

@article{hafer2006,
	Author = {Hafer, Catherine},
	Date-Added = {2016-06-04 02:33:09 +0000},
	Date-Modified = {2016-06-04 02:33:36 +0000},
	Journal = {The Review of Economic Studies},
	Number = {1},
	Pages = {119--143},
	Title = {On the Origins of Property Rights: Conflict and Productionin the State of Nature},
	Volume = {73},
	Year = {2006}}

@article{spencer2010,
	Author = {Spencer, Charles S},
	Date-Added = {2016-06-04 02:31:29 +0000},
	Date-Modified = {2016-06-04 02:31:46 +0000},
	Journal = {Proceedings of the National Academy of Sciences},
	Number = {16},
	Pages = {7119--7126},
	Title = {Territorial expansion and Primary State Formation},
	Volume = {107},
	Year = {2010}}

@book{given1990,
	Address = {Ithaca, NY},
	Author = {Given, James Buchanan},
	Date-Added = {2016-06-04 02:24:59 +0000},
	Date-Modified = {2016-06-04 02:25:46 +0000},
	Publisher = {Cornell University Press},
	Title = {State and Society in Medieval Europe: Gwynedd and Languedoc under Outside Rule},
	Year = {1990}}

@article{gerringetal2011,
	Author = {Gerring, John and Ziblatt, Daniel and Van Gorp, Johan and Arevalo, Julian},
	Date-Added = {2016-06-04 02:23:53 +0000},
	Date-Modified = {2016-06-04 02:24:09 +0000},
	Journal = {World Politics},
	Number = {03},
	Pages = {377--433},
	Title = {An institutional theory of direct and indirect rule},
	Volume = {63},
	Year = {2011}}

@article{miquelyared2012,
	Author = {Miquel, Gerard Padr\'o I and Yared, Pierre},
	Date-Added = {2016-06-04 02:19:18 +0000},
	Date-Modified = {2016-06-04 02:22:24 +0000},
	Journal = {The Quarterly Journal of Economics},
	Number = {2},
	Pages = {947--1015},
	Title = {The Political Economy of Indirect Control},
	Volume = {127},
	Year = {2012}}

@book{stasavage2011,
	Address = {Princeton, NJ},
	Author = {Stasavage, David},
	Date-Added = {2016-06-04 02:13:34 +0000},
	Date-Modified = {2016-06-04 02:14:03 +0000},
	Publisher = {Princeton University Press},
	Title = {States of Credit: Size, Power, and the Development of European Polities},
	Year = {2011}}

@article{rubin1976,
	Author = {Rubin, Donald B},
	Date-Added = {2016-06-04 02:10:29 +0000},
	Date-Modified = {2016-06-04 02:10:46 +0000},
	Journal = {Biometrika},
	Number = {3},
	Pages = {581--592},
	Title = {Inference and Missing Data},
	Volume = {63},
	Year = {1976}}

@article{zhangrubin2003,
	Author = {Zhang, Junni L and Rubin, Donald B},
	Date-Added = {2016-06-04 02:05:47 +0000},
	Date-Modified = {2016-06-19 20:00:19 +0000},
	Journal = {Journal of Educational and Behavioral Statistics},
	Number = {4},
	Pages = {353--368},
	Title = {Estimation of Causal Effects via Principal Stratification when Some Outcomes are Truncated by ``Death''},
	Volume = {28},
	Year = {2003}}

@article{bloom1984,
	Author = {Bloom, Howard S},
	Date-Added = {2016-06-04 02:03:52 +0000},
	Date-Modified = {2016-06-04 02:04:04 +0000},
	Journal = {Evaluation Review},
	Number = {2},
	Pages = {225--246},
	Publisher = {Sage Publications},
	Title = {Accounting for no-shows in experimental evaluation designs},
	Volume = {8},
	Year = {1984}}

@article{balkepearl1997,
	Author = {Balke, Alexander and Pearl, Judea},
	Date-Added = {2016-06-04 02:02:34 +0000},
	Date-Modified = {2016-06-04 02:02:46 +0000},
	Journal = {Journal of the American Statistical Association},
	Number = {439},
	Pages = {1171--1176},
	Title = {Bounds on treatment effects from studies with imperfect compliance},
	Volume = {92},
	Year = {1997}}

@article{horowitzmanski1995,
	Author = {Horowitz, Joel L and Manski, Charles F},
	Date-Added = {2016-06-04 01:57:41 +0000},
	Date-Modified = {2016-06-04 01:58:20 +0000},
	Journal = {Econometrica},
	Number = {2},
	Pages = {281--302},
	Publisher = {JSTOR},
	Title = {Identification and robustness with contaminated and corrupted data},
	Volume = {63},
	Year = {1995}}

@article{horowitzmanski2000,
	Author = {Horowitz, Joel L and Manski, Charles F},
	Date-Added = {2016-06-04 01:56:24 +0000},
	Date-Modified = {2016-06-29 15:00:02 +0000},
	Journal = {Journal of the American Statistical Association},
	Number = {449},
	Pages = {77--84},
	Publisher = {Taylor \& Francis Group},
	Title = {Nonparametric analysis of randomized experiments with missing covariate and outcome data},
	Volume = {95},
	Year = {2000}}

@article{heckman1990,
	Author = {Heckman, James},
	Date-Added = {2016-06-04 01:53:40 +0000},
	Date-Modified = {2016-06-04 01:55:04 +0000},
	Journal = {American Economic Review},
	Number = {2},
	Pages = {313--318},
	Title = {Varieties of Selection Bias},
	Volume = {80},
	Year = {1990}}

@article{heckman1979,
	Author = {Heckman, James},
	Date-Added = {2016-06-04 01:52:20 +0000},
	Date-Modified = {2016-06-04 01:53:30 +0000},
	Journal = {Econometrica},
	Number = {1},
	Pages = {153--161},
	Title = {Sample Selection Bias as a Specification Error},
	Volume = {47},
	Year = {1979}}

@article{zubizarreta2015,
	Author = {Zubizarreta, Jos{\'e} R},
	Date-Added = {2016-06-04 01:32:00 +0000},
	Date-Modified = {2016-06-04 01:32:12 +0000},
	Journal = {Journal of the American Statistical Association},
	Number = {511},
	Pages = {910--922},
	Title = {Stable weights that balance covariates for estimation with incomplete outcome data},
	Volume = {110},
	Year = {2015}}

@article{somes1986,
	Author = {Somes, Grant W},
	Date-Added = {2016-06-04 01:31:12 +0000},
	Date-Modified = {2016-06-04 01:31:24 +0000},
	Journal = {The American Statistician},
	Number = {2},
	Pages = {106--108},
	Title = {The generalized Mantel--Haenszel statistic},
	Volume = {40},
	Year = {1986}}

@article{sinclairetal2012,
	Author = {Sinclair, Betsy and McConnell, Margaret and Green, Donald P},
	Date-Added = {2016-06-04 01:26:56 +0000},
	Date-Modified = {2016-06-04 01:26:56 +0000},
	Journal = {American Journal of Political Science},
	Number = {4},
	Pages = {1055--1069},
	Title = {Detecting Spillover Effects: Design and Analysis of Multilevel Experiments},
	Volume = {56},
	Year = {2012}}

@book{kish1965,
	Address = {New York, NY},
	Author = {Kish, Leslie},
	Date-Added = {2016-06-04 01:20:02 +0000},
	Date-Modified = {2016-06-04 01:20:02 +0000},
	Publisher = {Wiley \& Sons},
	Title = {Survey Sampling},
	Year = {1965}}

@article{rosenbaum1996,
	Author = {Rosenbaum, Paul R},
	Date-Added = {2016-06-04 01:19:46 +0000},
	Date-Modified = {2016-06-04 01:19:46 +0000},
	Journal = {Journal of the American Statistical Association},
	Number = {434},
	Pages = {465--468},
	Title = {Identification of Causal Effects Using Instrumental Variables: Comment},
	Volume = {91},
	Year = {1996}}

@article{middleton2015,
	Author = {Middleton, Joel A and Aronow, Peter M},
	Date-Added = {2016-06-04 01:19:28 +0000},
	Date-Modified = {2016-06-04 01:19:28 +0000},
	Journal = {Statistics, Politics and Policy},
	Number = {1-2},
	Pages = {39--75},
	Title = {Unbiased Estimation of the Average Treatment Effect in Cluster-Randomized Experiments},
	Volume = {6},
	Year = {2015}}

@article{bowersetal2013,
	Author = {Bowers, Jake and Fredrickson, Mark and Panagopoulos, Costas},
	Date-Added = {2016-06-04 01:19:11 +0000},
	Date-Modified = {2016-06-04 01:19:11 +0000},
	Journal = {Political Analysis},
	Number = {1},
	Pages = {97--124},
	Title = {Reasoning about Interference Between Units: A General Framework},
	Volume = {21},
	Year = {2013}}

@article{blattman2014,
	Author = {Blattman, Christopher and Fiala, Nathan and Martinez, Sebastian},
	Date-Added = {2016-06-04 01:18:54 +0000},
	Date-Modified = {2016-06-04 01:18:54 +0000},
	Journal = {The Quarterly Journal of Economics},
	Number = {2},
	Pages = {697--752},
	Title = {Generating Skilled Self-Employment in Developing Countries: Experimental Evidence from Uganda},
	Volume = {129},
	Year = {2014}}

@article{angrist1996,
	Author = {Angrist, Joshua D and Imbens, Guido W and Rubin, Donald B},
	Date-Added = {2016-06-04 01:18:46 +0000},
	Date-Modified = {2016-06-04 01:18:46 +0000},
	Journal = {Journal of the American Statistical Association},
	Number = {434},
	Pages = {444--455},
	Title = {Identification of Causal Effects Using Instrumental Variables},
	Volume = {91},
	Year = {1996}}

@article{porter1980,
	Author = {Porter, Martin F},
	Date-Added = {2016-06-04 01:07:31 +0000},
	Date-Modified = {2016-06-04 01:07:31 +0000},
	Journal = {Program},
	Number = {3},
	Pages = {130--137},
	Publisher = {MCB UP Ltd},
	Title = {An algorithm for suffix stripping},
	Volume = {14},
	Year = {1980}}

@book{rosenbaum2002observational,
	Address = {New York, NY},
	Author = {Rosenbaum, Paul R},
	Date-Added = {2016-06-04 01:05:04 +0000},
	Date-Modified = {2016-07-28 15:15:31 +0000},
	Edition = {Second},
	Publisher = {Springer},
	Title = {Observational Studies},
	Year = {2002}}

@article{dehejiawahba1999,
	Author = {Dehejia, Rajeev H and Wahba, Sadek},
	Date-Added = {2016-06-04 01:04:09 +0000},
	Date-Modified = {2016-06-04 01:04:09 +0000},
	Journal = {Journal of the American statistical Association},
	Number = {448},
	Pages = {1053--1062},
	Title = {Causal effects in nonexperimental studies: Reevaluating the evaluation of training programs},
	Volume = {94},
	Year = {1999}}

@article{rosenbaum2002attributableeffects,
	Author = {Rosenbaum, Paul R},
	Date-Added = {2016-06-04 01:00:12 +0000},
	Date-Modified = {2016-06-29 15:01:59 +0000},
	Journal = {Journal of the American Statistical Association},
	Number = {457},
	Pages = {183--192},
	Title = {Attributing Effects to Treatment in Matched Observational Studies},
	Volume = {97},
	Year = {2002}}

@article{rosenbaum2001,
	Author = {Rosenbaum, Paul R},
	Date-Added = {2016-06-04 00:59:56 +0000},
	Date-Modified = {2016-06-04 00:59:56 +0000},
	Journal = {Biometrika},
	Number = {1},
	Pages = {219--231},
	Title = {Effects attributable to treatment: Inference in experiments and observational studies with a discrete pivot},
	Volume = {88},
	Year = {2001}}

@article{horvitzthompson1952,
	Author = {Horvitz, Daniel G and Thompson, Donovan J},
	Date-Added = {2016-06-04 00:59:34 +0000},
	Date-Modified = {2016-06-04 00:59:34 +0000},
	Journal = {Journal of the American Statistical Association},
	Number = {260},
	Pages = {663--685},
	Title = {A generalization of sampling without replacement from a finite universe},
	Volume = {47},
	Year = {1952}}

@article{hansenbowers2009,
	Author = {Hansen, Ben B and Bowers, Jake},
	Date-Added = {2016-06-04 00:59:16 +0000},
	Date-Modified = {2016-06-04 00:59:16 +0000},
	Journal = {Journal of the American Statistical Association},
	Number = {487},
	Pages = {873--885},
	Title = {Attributing effects to a cluster-randomized get-out-the-vote campaign},
	Volume = {104},
	Year = {2009}}

@incollection{hacking1986,
	Address = {Palo Alto, CA},
	Author = {Hacking, Ian},
	Booktitle = {Reconstructing Individualism},
	Date-Added = {2016-06-04 00:58:29 +0000},
	Date-Modified = {2016-06-04 00:58:29 +0000},
	Editor = {Thomas C. Heller, Morton Sosna, and David Wellbery},
	Pages = {222--236},
	Publisher = {Stanford University Press},
	Title = {Making Up People},
	Year = {1986}}

@incollection{tilly1975,
	Address = {Princeton, NJ},
	Author = {Tilly, Charles},
	Booktitle = {The Formation of National States in Western Europe},
	Date-Added = {2016-06-04 00:58:14 +0000},
	Date-Modified = {2016-06-04 00:58:14 +0000},
	Editor = {Charles Tilly and Gabriel Ardant},
	Publisher = {Princeton University Press},
	Title = {The Formation of National States in Western Europe},
	Year = {1975}}

@book{schoeman1977,
	Address = {Pretoria, South Africa},
	Author = {Schoeman, B.M.},
	Date-Added = {2016-06-04 00:57:58 +0000},
	Date-Modified = {2016-06-04 02:11:05 +0000},
	Publisher = {Aktuele Publikasies},
	Title = {Parlementere verkiesings in Suid-Afrika 1910-1976},
	Year = {1977}}

@book{centeno2002,
	Address = {University Park, PA},
	Author = {Centeno, Miguel Angel},
	Date-Added = {2016-06-04 00:57:14 +0000},
	Date-Modified = {2016-06-04 00:57:14 +0000},
	Publisher = {Penn State Press},
	Title = {Blood and Debt: War and the Nation-State in Latin America},
	Year = {2002}}

@article{rosenbaum2008,
	Author = {Rosenbaum, Paul R},
	Date-Added = {2016-06-04 00:56:48 +0000},
	Date-Modified = {2016-06-04 00:56:48 +0000},
	Journal = {Biometrika},
	Publisher = {Biometrika Trust},
	Title = {Testing hypotheses in order},
	Year = {2008}}

@article{neubertbrunner2007,
	Address = {Amsterdam, The Netherlands, The Netherlands},
	Author = {Neubert, Karin and Brunner, Edgar},
	Date-Added = {2016-06-04 00:56:31 +0000},
	Date-Modified = {2016-06-04 01:11:38 +0000},
	Doi = {10.1016/j.csda.2006.05.024},
	Issn = {0167-9473},
	Issue_Date = {June, 2007},
	Journal = {Comput. Stat. Data Anal.},
	Month = jun,
	Number = {10},
	Numpages = {13},
	Pages = {5192--5204},
	Publisher = {Elsevier Science Publishers B. V.},
	Title = {A Studentized Permutation Test for the Non-parametric Behrens-Fisher Problem},
	Url = {http://dx.doi.org/10.1016/j.csda.2006.05.024},
	Volume = {51},
	Year = {2007},
	Bdsk-Url-1 = {http://dx.doi.org/10.1016/j.csda.2006.05.024}}

@book{posner2005,
	Address = {New York, NY},
	Author = {Posner, Daniel N},
	Date-Added = {2016-06-04 00:55:18 +0000},
	Date-Modified = {2016-06-04 00:55:18 +0000},
	Publisher = {Cambridge University Press},
	Title = {Institutions and Ethnic Politics in Africa},
	Year = {2005}}

@book{migdal2001,
	Address = {New York, NY},
	Author = {Migdal, Joel S},
	Date-Added = {2016-06-04 00:55:09 +0000},
	Date-Modified = {2016-06-04 00:55:09 +0000},
	Publisher = {Cambridge University Press},
	Title = {State in Society: Studying How States and Societies Transform and Constitute One Another},
	Year = {2001}}

@book{laitin1998,
	Address = {Ithaca, NY},
	Author = {Laitin, David D},
	Date-Added = {2016-06-04 00:54:57 +0000},
	Date-Modified = {2016-06-04 00:54:57 +0000},
	Publisher = {Cornell University Press},
	Title = {Identity in Formation: The Russian--Speaking Populations in the Near Abroad},
	Year = {1998}}

@book{laitin1986,
	Address = {Chicago, IL},
	Author = {Laitin, David D},
	Date-Added = {2016-06-04 00:54:47 +0000},
	Date-Modified = {2016-06-04 00:54:47 +0000},
	Publisher = {University of Chicago Press},
	Title = {Hegemony and Culture: Politics and Change among the Yoruba},
	Year = {1986}}

@book{ferguson1999,
	Address = {Berkeley, CA},
	Author = {Ferguson, James},
	Date-Added = {2016-06-04 00:54:39 +0000},
	Date-Modified = {2016-06-04 00:54:39 +0000},
	Publisher = {University of California Press},
	Title = {Expectations of Modernity: Myths and Meanings of Urban Life on the Zambian Copperbelt},
	Year = {1999}}

@article{dahl1957,
	Author = {Dahl, Robert A},
	Date-Added = {2016-06-04 00:54:30 +0000},
	Date-Modified = {2016-06-04 00:54:30 +0000},
	Journal = {Behavioral science},
	Number = {3},
	Pages = {201--215},
	Title = {The Concept of Power},
	Volume = {2},
	Year = {1957}}

@article{centeno1997,
	Author = {Centeno, Miguel Angel},
	Date-Added = {2016-06-04 00:54:04 +0000},
	Date-Modified = {2016-06-04 00:54:04 +0000},
	Journal = {American Journal of sociology},
	Number = {6},
	Pages = {1565--1605},
	Title = {Blood and Debt: War and Taxation in Nineteenth-Century Latin America},
	Volume = {102},
	Year = {1997}}

@book{brownlie1973,
	Address = {Oxford, UK},
	Author = {Brownlie, Ian},
	Date-Added = {2016-06-04 00:53:49 +0000},
	Date-Modified = {2016-06-04 00:53:49 +0000},
	Publisher = {Clarendon Press},
	Title = {Principles of Public International Law},
	Year = {1973}}

@article{brodersenetal2015,
	Author = {Brodersen, Kay H and Gallusser, Fabian and Koehler, Jim and Remy, Nicolas and Scott, Steven L and others},
	Date-Added = {2016-06-04 00:53:39 +0000},
	Date-Modified = {2016-06-04 00:53:39 +0000},
	Journal = {The Annals of Applied Statistics},
	Number = {1},
	Pages = {247--274},
	Title = {Inferring Causal Impact Using Bayesian Structural Time-Series Models},
	Volume = {9},
	Year = {2015}}

@book{breckenridge2014,
	Address = {New York, NY},
	Author = {Breckenridge, Keith},
	Date-Added = {2016-06-04 00:53:23 +0000},
	Date-Modified = {2016-06-04 00:53:23 +0000},
	Publisher = {Cambridge University Press},
	Title = {Biometric State: The Global Politics of Identification and Surveillance in South Africa, 1850 to the Present},
	Year = {2014}}

@article{abadieetal2012,
	Author = {Abadie, Alberto and Diamond, Alexis and Hainmueller, Jens},
	Date-Added = {2016-06-04 00:53:04 +0000},
	Date-Modified = {2016-06-04 00:53:04 +0000},
	Journal = {Journal of the American Statistical Association},
	Title = {Synthetic Control Methods for Comparative Case Studies: Estimating the Effect of California's Tobacco Control Program},
	Year = {2012}}

@article{rubinmorgan2012,
	Author = {Morgan, Kari Lock and Rubin, Donald B},
	Date-Added = {2016-06-04 00:51:46 +0000},
	Date-Modified = {2016-06-04 00:51:46 +0000},
	Journal = {The Annals of Statistics},
	Number = {2},
	Pages = {1263--1282},
	Title = {Rerandomization to improve covariate balance in experiments},
	Volume = {40},
	Year = {2012}}

@article{manski1989,
	Author = {Manski, Charles F},
	Date-Added = {2016-06-04 00:51:22 +0000},
	Date-Modified = {2016-06-04 00:51:22 +0000},
	Journal = {Journal of Human Resources},
	Number = {3},
	Pages = {343--360},
	Title = {Anatomy of the Selection Problem},
	Volume = {24},
	Year = {1989}}

@article{lin2013,
	Author = {Lin, Winston and others},
	Date-Added = {2016-06-04 00:51:06 +0000},
	Date-Modified = {2016-06-04 00:51:06 +0000},
	Journal = {The Annals of Applied Statistics},
	Number = {1},
	Pages = {295--318},
	Title = {Agnostic notes on regression adjustments to experimental data: Reexamining Freedman's critique},
	Volume = {7},
	Year = {2013}}

@article{lee2009,
	Author = {Lee, David S},
	Date-Added = {2016-06-04 00:50:52 +0000},
	Date-Modified = {2016-06-04 00:50:52 +0000},
	Journal = {The Review of Economic Studies},
	Number = {3},
	Pages = {1071--1102},
	Title = {Training, Wages, and Sample Selection: Estimating Sharp Bounds on Treatment Effects},
	Volume = {76},
	Year = {2009}}

@article{greiflaitin2004,
	Author = {Greif, Avner and Laitin, David D},
	Date-Added = {2016-06-04 00:50:31 +0000},
	Date-Modified = {2016-06-04 00:50:31 +0000},
	Journal = {American Political Science Review},
	Number = {04},
	Pages = {633--652},
	Title = {A theory of endogenous institutional change},
	Volume = {98},
	Year = {2004}}

@article{angristlavy2009,
	Author = {Angrist, Joshua and Lavy, Victor},
	Date-Added = {2016-06-04 00:49:57 +0000},
	Date-Modified = {2016-06-04 00:49:57 +0000},
	Journal = {The American Economic Review},
	Number = {4},
	Pages = {1384--1414},
	Title = {The Effects of High Stakes High School Achievement Awards: Evidence from a Randomized Trial},
	Volume = {99},
	Year = {2009}}

@phdthesis{Wilse-Samson2014,
	Address = {New York, NY},
	Author = {Wilse-Samson, Laurence},
	Date-Added = {2016-06-04 00:44:11 +0000},
	Date-Modified = {2016-06-04 00:44:11 +0000},
	School = {Columbia University},
	Title = {Essays in Political Economy and Crisis},
	Year = {2014}}

@incollection{fearon1999,
	Address = {New York, NY},
	Author = {Fearon, James},
	Booktitle = {Democracy, Accountability, and Representation},
	Date-Added = {2016-06-04 00:43:27 +0000},
	Date-Modified = {2016-06-04 00:43:27 +0000},
	Editor = {Adam Przeworski, Susan C. Stokes, and Bernard Manin},
	Pages = {55--97},
	Publisher = {Oxford University Press},
	Title = {Electoral Accountability and the Control of Politicians: Selecting Good Types versus Sanctioning Poor Performance},
	Year = {1999}}

@book{weber1919,
	Author = {Weber, Max},
	Date-Added = {2016-06-04 00:43:04 +0000},
	Date-Modified = {2016-06-04 00:43:04 +0000},
	Editor = {Blank-Sangmeister, Ursula},
	Language = {German},
	Location = {Philadelphia, PA},
	Publisher = {Fortress Press},
	Title = {Wissenschaft als Beruf},
	Translator = {Gerth, H.H. an and C. Wright Mills},
	Year = {1919}}

@book{smuts1930,
	Address = {Oxford, UK},
	Author = {Smuts, Jan},
	Date-Added = {2016-06-04 00:42:54 +0000},
	Date-Modified = {2016-06-04 00:42:54 +0000},
	Publisher = {Oxford University Press},
	Title = {Africa and Some World Problems},
	Year = {1930}}

@book{shepard2008,
	Address = {Ithaca, NY},
	Author = {Shepard, Todd},
	Date-Added = {2016-06-04 00:42:44 +0000},
	Date-Modified = {2016-06-04 00:42:44 +0000},
	Publisher = {Cornell University Press},
	Title = {The invention of Decolonization: The Algerian War and the Remaking of France},
	Year = {2008}}

@book{rosenbaum2010,
	Address = {New York, NY},
	Author = {Rosenbaum, Paul},
	Date-Added = {2016-06-04 00:42:12 +0000},
	Date-Modified = {2016-06-04 00:42:12 +0000},
	Publisher = {Springer},
	Title = {Design of Observational Studies},
	Year = {2010}}

@book{linz2000,
	Address = {Boulder, CO},
	Author = {Linz, Juan Jos{\'e}},
	Date-Added = {2016-06-04 00:41:28 +0000},
	Date-Modified = {2016-06-04 00:41:28 +0000},
	Publisher = {Lynne Rienner Publishers},
	Title = {Totalitarian and authoritarian regimes},
	Year = {2000}}

@book{fisher1935,
	Address = {Edinburgh, SCT},
	Author = {Fisher, Ronald A},
	Date-Added = {2016-06-04 00:41:08 +0000},
	Date-Modified = {2016-06-16 19:09:08 +0000},
	Publisher = {Oliver and Boyd},
	Title = {The Design of Experiments},
	Year = {1935}}

@book{boone2014,
	Address = {New York, NY},
	Author = {Boone, Catherine},
	Date-Added = {2016-06-04 00:39:17 +0000},
	Date-Modified = {2016-06-04 00:39:17 +0000},
	Publisher = {Cambridge University Press},
	Title = {Property and Political Order in Africa: Land Rights and the Structure of Politics},
	Year = {2014}}

@book{tilly1992,
	Address = {Oxford, UK},
	Author = {Tilly, Charles},
	Date-Added = {2016-06-04 00:38:39 +0000},
	Date-Modified = {2016-06-04 00:38:39 +0000},
	Publisher = {Blackwell},
	Title = {Coercion, Capital, and European States, AD 990-1992},
	Year = {1992}}

@article{staniland2012,
	Author = {Staniland, Paul},
	Date-Added = {2016-06-04 00:38:25 +0000},
	Date-Modified = {2016-06-04 00:38:25 +0000},
	Journal = {Perspectives on Politics},
	Number = {02},
	Pages = {243--264},
	Title = {States, insurgents, and wartime political orders},
	Volume = {10},
	Year = {2012}}

@article{rubin1978,
	Author = {Rubin, Donald B},
	Date-Added = {2016-06-04 00:38:09 +0000},
	Date-Modified = {2016-06-04 00:38:09 +0000},
	Journal = {The Annals of statistics},
	Pages = {34--58},
	Title = {Bayesian inference for causal effects: The role of randomization},
	Year = {1978}}

@article{rosenbaum2002,
	Author = {Rosenbaum, Paul R},
	Date-Added = {2016-06-04 00:37:57 +0000},
	Date-Modified = {2016-06-04 00:37:57 +0000},
	Journal = {Statistical Science},
	Number = {3},
	Pages = {286--327},
	Title = {Covariance adjustment in randomized experiments and observational studies},
	Volume = {17},
	Year = {2002}}

@article{romano1990,
	Author = {Romano, Joseph P},
	Date-Added = {2016-06-04 00:37:16 +0000},
	Date-Modified = {2016-06-04 00:37:16 +0000},
	Journal = {Journal of the American Statistical Association},
	Number = {411},
	Pages = {686--692},
	Title = {On the behavior of randomization tests without a group invariance assumption},
	Volume = {85},
	Year = {1990}}

@article{lovell2008,
	Author = {Lovell, Michael C},
	Date-Added = {2016-06-04 00:36:46 +0000},
	Date-Modified = {2016-06-04 00:36:46 +0000},
	Journal = {The Journal of Economic Education},
	Number = {1},
	Pages = {88--91},
	Title = {A simple proof of the FWL theorem},
	Volume = {39},
	Year = {2008}}

@article{holland2015,
	Author = {Holland, Alisha C},
	Date-Added = {2016-06-04 00:35:46 +0000},
	Date-Modified = {2016-06-04 00:35:46 +0000},
	Journal = {American Journal of Political Science},
	Number = {2},
	Pages = {357--371},
	Title = {The distributive politics of enforcement},
	Volume = {59},
	Year = {2015}}

@article{hodgeslehmann1963,
	Author = {Hodges Jr, Joseph L and Lehmann, Erich L},
	Date-Added = {2016-06-04 00:35:31 +0000},
	Date-Modified = {2016-06-04 00:35:31 +0000},
	Journal = {The Annals of Mathematical Statistics},
	Pages = {598--611},
	Publisher = {JSTOR},
	Title = {Estimates of location based on rank tests},
	Year = {1963}}

@article{hansenbowers2008,
	Author = {Hansen, Ben B and Bowers, Jake},
	Date-Added = {2016-06-04 00:34:58 +0000},
	Date-Modified = {2016-06-04 00:34:58 +0000},
	Journal = {Statistical Science},
	Pages = {219--236},
	Title = {Covariate balance in simple, stratified and clustered comparative studies},
	Year = {2008}}

@article{goemansetal2009,
	Author = {Goemans, Henk E and Gleditsch, Kristian Skrede and Chiozza, Giacomo},
	Date-Added = {2016-06-04 00:34:39 +0000},
	Date-Modified = {2016-06-04 00:34:39 +0000},
	Journal = {Journal of Peace Research},
	Number = {2},
	Pages = {269--283},
	Title = {Introducing Archigos: A Dataset of Political Leaders},
	Volume = {46},
	Year = {2009}}

@article{freedman2008a,
	Author = {Freedman, David A},
	Date-Added = {2016-06-04 00:34:17 +0000},
	Date-Modified = {2016-08-03 15:57:48 +0000},
	Journal = {Advances in Applied Mathematics},
	Number = {2},
	Pages = {180--193},
	Title = {On regression adjustments to experimental data},
	Volume = {40},
	Year = {2008}}

@article{egorovgurievsonin2009,
	Author = {Egorov, Georgy and Guriev, Sergei and Sonin, Konstantin},
	Date-Added = {2016-06-04 00:33:49 +0000},
	Date-Modified = {2016-06-04 00:33:49 +0000},
	Journal = {American Political Science Review},
	Number = {4},
	Pages = {645--668},
	Publisher = {Cambridge University Press},
	Title = {Why Resource-poor Dictators Allow Freer Media: A Theory and Evidence from Panel Data},
	Volume = {103},
	Year = {2009}}

@article{crush1993,
	Author = {Crush, Jonathan},
	Date-Added = {2016-06-04 00:33:30 +0000},
	Date-Modified = {2016-06-04 00:33:30 +0000},
	Journal = {Canadian Journal of African Studies/La Revue canadienne des {\'e}tudes africaines},
	Number = {3},
	Pages = {404--423},
	Publisher = {Taylor \& Francis},
	Title = {``The Long-Averted Clash'': Farm Labour Competition in the South African Countryside},
	Volume = {27},
	Year = {1993}}

@article{cochran1965,
	Author = {Cochran, William G and Chambers, S Paul},
	Date-Added = {2016-06-04 00:33:15 +0000},
	Date-Modified = {2016-06-04 00:33:15 +0000},
	Journal = {Journal of the Royal Statistical Society. Series A (General)},
	Pages = {234--266},
	Publisher = {JSTOR},
	Title = {The planning of observational studies of human populations},
	Year = {1965}}

@article{abramson2016,
	Author = {Abramson, Scott F},
	Date-Added = {2016-06-04 00:32:37 +0000},
	Date-Modified = {2016-06-04 00:32:37 +0000},
	Journal = {International Organization},
	Title = {The Economic Origins of the Territorial State},
	Year = {2016}}

@article{acemoglurobinson2000,
	Author = {Acemoglu, Daron and Robinson, James A},
	Journal = {Quarterly Journal of Economics},
	Number = {4},
	Pages = {1167--1199},
	Publisher = {JSTOR},
	Title = {Why did the West Extend the Franchise? Democracy, Inequality, and Growth in Historical Perspective},
	Volume = {115},
	Year = {2000}}

@article{ajr2001,
	Author = {Acemoglu, Daron and Johnson, Simon and Robinson, James},
	Date-Modified = {2016-06-04 00:46:46 +0000},
	Journal = {American Economic Review},
	Number = {5},
	Pages = {1369--1401},
	Publisher = {JSTOR},
	Title = {The Colonial Origins of Comparative Development: An Empirical Investigation},
	Volume = {91},
	Year = {2001}}

@article{ajr2002,
	Author = {Acemoglu, Daron and Johnson, Simon and Robinson, James},
	Date-Modified = {2016-06-04 00:47:14 +0000},
	Journal = {The Quarterly Journal of Economics},
	Number = {4},
	Pages = {1231--1294},
	Publisher = {JSTOR},
	Title = {Reversal of Fortune: Geography and Institutions in the Making of the Modern World Income Distribution},
	Volume = {117},
	Year = {2002}}

@article{acemoglurobinson2001,
	Author = {Acemoglu, Daron and Robinson, James A},
	Journal = {American Economic Review},
	Number = {4},
	Pages = {938--963},
	Publisher = {JSTOR},
	Title = {A theory of political transitions},
	Volume = {91},
	Year = {2001}}

@article{albertusmenaldo2014,
	Author = {Albertus, Michael and Menaldo, Victor},
	Journal = {International Studies Quarterly},
	Number = {3},
	Pages = {550--565},
	Publisher = {Wiley Online Library},
	Title = {Dealing with Dictators: Negotiated Democratization and the Fate of Outgoing Autocrats},
	Volume = {58},
	Year = {2014}}

@article{armitage2004,
	Author = {Armitage, David},
	Journal = {Political Theory},
	Number = {5},
	Pages = {602--627},
	Publisher = {Sage Publications},
	Title = {John Locke, Carolina, and the two treatises of government},
	Volume = {32},
	Year = {2004}}

@article{banerjeeiyer2005,
	Author = {Banerjee, Abhijit and Iyer, Lakshmi},
	Journal = {The American Economic Review},
	Number = {4},
	Pages = {1190 -- 1213},
	Title = {History, Institutions, and Economic Performance: The Legacy of Colonial Land Tenure Systems in India},
	Volume = {95},
	Year = {2005}}

@article{berger2009,
	Author = {Berger, Daniel},
	Journal = {Unpublished manuscript},
	Title = {Taxes, Institutions and Local Governance: Evidence from a Natural Experiment in Colonial Nigeria},
	Year = {2009}}

@article{besley1995,
	Author = {Besley, Timothy},
	Journal = {Journal of Political Economy},
	Number = {5},
	Pages = {903 -- 937},
	Title = {Property Rights and Investment Incentives: Theory and Evidence from Ghana},
	Volume = {103},
	Year = {1995}}

@article{coase1960,
	Author = {Coase, Ronald Harry},
	Journal = {The Journal of Law and Economics},
	Pages = {1--44},
	Title = {The Problem of Social Cost},
	Volume = {3},
	Year = {1960}}

@article{crawfordostrom1995,
	Author = {Crawford, Sue ES and Ostrom, Elinor},
	Journal = {American Political Science Review},
	Number = {03},
	Pages = {582--600},
	Publisher = {Cambridge Univ Press},
	Title = {A Grammar of Institutions},
	Volume = {89},
	Year = {1995}}

@article{dell2010,
	Author = {Dell, Melissa},
	Journal = {Econometrica},
	Number = {6},
	Pages = {1863 -- 1903},
	Title = {The Persistent Effects of Peru's Mining Mita},
	Volume = {78},
	Year = {2010}}

@article{diermeierkrehbiel2003,
	Author = {Diermeier, Daniel and Krehbiel, Keith},
	Journal = {Journal of theoretical politics},
	Number = {2},
	Pages = {123--144},
	Publisher = {Sage Publications},
	Title = {Institutionalism as a Methodology},
	Volume = {15},
	Year = {2003}}

@article{fenske2011,
	Author = {Fenske, James},
	Journal = {Journal of Development Economics},
	Number = {2},
	Pages = {137--156},
	Publisher = {Elsevier},
	Title = {Land tenure and investment incentives: Evidence from West Africa},
	Volume = {95},
	Year = {2011}}

@article{feyrersacerdote2009,
	Author = {Feyrer, James and Sacerdote, Bruce},
	Journal = {The Review of Economics and Statistics},
	Number = {2},
	Pages = {245-262},
	Title = {Colonialism and Modern Income: Islands as Natural Experiments},
	Volume = {91},
	Year = {2009}}

@article{finley1976,
	Author = {Finley, M.I.},
	Journal = {Transactions of the Royal Historical Society},
	Pages = {167-188},
	Title = {Colonies: An Attempt at a Typology},
	Volume = {26},
	Year = {1976}}

@article{francoisetal2015,
	Author = {Francois, Patrick and Rainer, Ilia and Trebbi, Francesco},
	Journal = {Econometrica},
	Number = {2},
	Pages = {465--503},
	Title = {How Is Power Shared in Africa?},
	Volume = {83},
	Year = {2015}}

@article{frye2004,
	Author = {Frye, Timothy},
	Issue = {03},
	Journal = {American Political Science Review},
	Pages = {453--466},
	Title = {Credible Commitment and Property Rights: Evidence from Russia},
	Volume = {98},
	Year = {2004}}

@article{galiani2010,
	Author = {Galiani, Timothy},
	Journal = {Journal of Public Economics},
	Number = {9},
	Pages = {700 -- 729},
	Title = {Property rights for the poor: Effects of Land Titling},
	Volume = {94},
	Year = {2010}}

@article{goldsteinudry2008,
	Author = {Goldstein, Markus and Udry, Christopher},
	Journal = {Journal of political Economy},
	Number = {6},
	Pages = {981--1022},
	Publisher = {JSTOR},
	Title = {The profits of power: Land rights and agricultural investment in Ghana},
	Volume = {116},
	Year = {2008}}

@article{haggardkaufman2012,
	Author = {Haggard, Stephan and Kaufman, Robert R},
	Journal = {American Political Science Review},
	Number = {03},
	Pages = {495--516},
	Publisher = {Cambridge University Press},
	Title = {Inequality and regime change: Democratic transitions and the stability of democratic rule},
	Volume = {106},
	Year = {2012}}

@article{halljones1999,
	Author = {Hall, Robert and Jones, Charles},
	Journal = {The Quarterly Journal of Economics},
	Number = {1},
	Pages = {83--116},
	Publisher = {Elsevier},
	Title = {Why Do Some Countries Produce So Much More Output Per Worker Than Others?},
	Volume = {114},
	Year = {1999}}

@article{hornbeck2010,
	Author = {Hornbeck, Richard},
	Journal = {Quarterly Journal of Economics},
	Number = {2},
	Pages = {767 -- 810},
	Publisher = {JSTOR},
	Title = {Barbed Wire: Property Rights and Agricultural Development},
	Volume = {125},
	Year = {2010}}

@article{huillery2009,
	Author = {Huillery, Elise},
	Journal = {American Economic Journal: Applied Economics},
	Number = {2},
	Pages = {176 -- 215)},
	Title = {History Matters: The Long-Term Impact of Colonial Public Investments in French West Africa},
	Volume = {1},
	Year = {2009}}

@article{humphreysweinstein2009,
	Author = {Humphreys, Macartan and Weinstein, Jeremy M},
	Journal = {Annual Review of Political Science},
	Pages = {367--378},
	Title = {Field Experiments and the Political Economy of Development},
	Volume = {12},
	Year = {2009}}

@article{geddes1999,
	Author = {Geddes, Barbara},
	Journal = {Annual Review of Political Science},
	Number = {1},
	Pages = {115--144},
	Title = {What Do We Know about Democratization after Twenty Years?},
	Volume = {2},
	Year = {1999}}

@article{hananetal2002,
	Author = {Hanan, Jacoby, and Li, Guo, and Rozelle, Scott},
	Journal = {The American Economic Review},
	Number = {5},
	Pages = {1420 -- 1447},
	Title = {Hazards of Expropriation: Tenure Insecurity and Investment in Rural China},
	Volume = {92},
	Year = {2002}}

@article{hariri2012,
	Author = {Hariri, Jacob Gerner},
	Journal = {American Political Science Review},
	Number = {03},
	Pages = {471--494},
	Title = {The Autocratic Legacy of Early Statehood},
	Volume = {106},
	Year = {2012}}

@article{holland1986,
	Author = {Holland, Paul W},
	Date-Modified = {2016-06-29 15:06:04 +0000},
	Journal = {Journal of the American Statistical Association},
	Number = {396},
	Pages = {945--960},
	Title = {Statistics and Causal Inference},
	Volume = {81},
	Year = {1986}}

@article{humphreysjacobs2015,
	Author = {Humphreys, Macartan and Jacobs, Alan M},
	Journal = {American Political Science Review},
	Number = {04},
	Pages = {653--673},
	Publisher = {Cambridge Univ Press},
	Title = {Mixing Methods: A Bayesian Approach},
	Volume = {109},
	Year = {2015}}

@article{jacklagunoff2006,
	Author = {Jack, William and Lagunoff, Roger},
	Journal = {Journal of Public Economics},
	Number = {4 -- 5},
	Pages = {551 -- 572},
	Publisher = {JSTOR},
	Title = {Dynamic enfranchisement},
	Volume = {90},
	Year = {2006}}

@article{kuran1991,
	Author = {Kuran, Timur},
	Journal = {World politics},
	Number = {01},
	Pages = {7--48},
	Publisher = {Cambridge Univ Press},
	Title = {Now out of never: The element of surprise in the East European revolution of 1989},
	Volume = {44},
	Year = {1991}}

@article{lizzeripersico2004,
	Author = {Lizzeri, Alessandro and Persico, Nicola},
	Journal = {The Quarterly Journal of Economics},
	Number = {2},
	Pages = {707--765},
	Publisher = {JSTOR},
	Title = {Why did the Elites Extend the Suffrage? Democracy and the Scope of Government, with an Application to Britain's ``age of Reform''},
	Volume = {119},
	Year = {2004}}

@article{markus2012,
	Author = {Markus,Stanislav},
	Issue = {02},
	Journal = {World Politics},
	Pages = {242--277},
	Title = {Secure Property as a Bottom-Up Process: Firms, Stakeholders, and Predators in Weak States},
	Volume = {64},
	Year = {2012}}

@article{mcMillanZoido2004,
	Author = {McMillan, John and Zoido, Pablo},
	Journal = {Journal of Economic Perspectives},
	Number = {4},
	Pages = {69--92},
	Title = {How To Subvert Democracy: Montesinos in Peru},
	Volume = {18},
	Year = {2004}}

@article{michalopoulospapaioannou2013,
	Author = {Michalopoulos, Stelios and Papaioannou, Elias},
	Journal = {Econometrica},
	Number = {1},
	Pages = {113 -- 152},
	Title = {Pre-Colonial Ethnic Institutions and Contemporary African Development},
	Volume = {81},
	Year = {2013}}

@article{neyman1990,
	Author = {Splawa-Neyman, Jerzy and Dabrowska, DM and Speed, TP and others},
	Journal = {Statistical Science},
	Number = {4},
	Pages = {465--472},
	Publisher = {Institute of Mathematical Statistics},
	Title = {On the application of probability theory to agricultural experiments. Essay on principles. Section 9},
	Volume = {5},
	Year = {1990}}

@article{northweingast1989,
	Author = {North, Douglass C and Weingast, Barry R},
	Journal = {The Journal of Economic History},
	Number = {04},
	Pages = {803--832},
	Publisher = {Cambridge University Press},
	Title = {Constitutions and commitment: the evolution of institutions governing public choice in seventeenth-century England},
	Volume = {49},
	Year = {1989}}

@article{meltzerrichard1981,
	Author = {Meltzer, Allan H and Richard, Scott F},
	Journal = {The Journal of Political Economy},
	Number = {5},
	Pages = {914--927},
	Publisher = {JSTOR},
	Title = {A Rational Theory of the Size of Government},
	Volume = {89},
	Year = {1981}}

@article{migueletal2014,
	Author = {Miguel, Edward and Camerer, Colin and Casey, Katherine and Cohen, Joshua and Esterling, Kevin M and Gerber, Alan and Glennerster, Rachel and Green, Don P and Humphreys, Macartan and Imbens, Guido and others},
	Journal = {Science (New York, NY)},
	Number = {6166},
	Pages = {30},
	Publisher = {NIH Public Access},
	Title = {Promoting transparency in social science research},
	Volume = {343},
	Year = {2014}}

@article{page2006,
	Author = {Page, Scott E},
	Journal = {Quarterly Journal of Political Science},
	Number = {1},
	Pages = {87--115},
	Title = {Path Dependence},
	Volume = {1},
	Year = {2006}}

@article{pierson2000,
	Author = {Pierson, Paul},
	Journal = {American political science review},
	Number = {02},
	Pages = {251--267},
	Publisher = {Cambridge Univ Press},
	Title = {Increasing Returns, Path Dependence, and the Study of Politics},
	Volume = {94},
	Year = {2000}}

@article{porta2008,
	Author = {Porta, Rafael La, and Lopez-de-Silanes, Florencio, and Shleifer, Andrei},
	Number = {2},
	Pages = {285 -- 332},
	Title = {The Economic Consequences of Legal Origins},
	Volume = {46},
	Year = {2008}}

@article{rubin1974,
	Author = {Rubin, Donald B},
	Journal = {Journal of educational Psychology},
	Number = {5},
	Pages = {688},
	Publisher = {American Psychological Association},
	Title = {Estimating causal effects of treatments in randomized and nonrandomized studies.},
	Volume = {66},
	Year = {1974}}

@article{rubin1987,
	Author = {Rubin, Donald B and Schenker, Nathaniel},
	Journal = {Journal of Official Statistics},
	Number = {4},
	Pages = {375--387},
	Publisher = {Statistics Sweden (SCB)},
	Title = {Interval estimation from multiply-imputed data: a case study using census agriculture industry codes},
	Volume = {3},
	Year = {1987}}

@article{slaterkim2015,
	Author = {Slater, Dan and Kim, Diana},
	Journal = {TRaNS: Trans-Regional and-National Studies of Southeast Asia},
	Number = {01},
	Pages = {25--44},
	Publisher = {Cambridge University Press},
	Title = {Standoffish States: Nonliterate Leviathans in Southeast Asia},
	Volume = {3},
	Year = {2015}}

@article{taylorhall1996,
	Author = {Hall, Peter A. and Taylor, Rosemary C. R.},
	Journal = {Political Studies},
	Number = {5},
	Pages = {936--957},
	Publisher = {Cambridge University Press},
	Title = {Political Science and the Three New Institutionalisms},
	Volume = {44},
	Year = {1996}}

@article{thelen1999,
	Author = {Thelen, Kathleen},
	Journal = {Annual Review of Political Science},
	Pages = {369--404},
	Title = {Historical Institutionalism in Comparative Politics},
	Volume = {2},
	Year = {1999}}

@article{wantchekon2015,
	Author = {Wantchekon, Leonard and Kla{\v{s}}nja, Marko and Novta, Natalija},
	Journal = {The Quarterly Journal of Economics},
	Number = {2},
	Pages = {703--757},
	Publisher = {Oxford University Press},
	Title = {Education and Human Capital Externalities: Evidence from Colonial Benin},
	Volume = {130},
	Year = {2015}}

@article{whelan1983,
	Author = {Whelan, Frederick},
	Journal = {Nomos},
	Pages = {13 -- 47},
	Title = {Prologue: Democratic Theory and the Boundary Problem},
	Volume = {25},
	Year = {1983}}

@book{acemoglurobinson2005,
	Address = {New York, NY},
	Author = {Acemoglu, Daron and Robinson, James A},
	Publisher = {Cambridge University Press},
	Title = {Economic Origins of Dictatorship and Democracy},
	Year = {2005}}

@book{albertus2015,
	Address = {New York, NY},
	Author = {Albertus, Michael},
	Publisher = {Cambridge University Press},
	Title = {Autocracy and Redistribution: The Politics of Land Reform},
	Year = {2015}}

@book{alesinaspolaore2005,
	Address = {Cambridge, MA},
	Author = {Alesina, Alberto and Spolaore, Enrico},
	Edition = {second},
	Publisher = {MIT Press},
	Title = {The Size of Nations},
	Year = {2005}}

@book{benton2002,
	Address = {New York, NY},
	Author = {Benton, Lauren},
	Publisher = {Cambridge University Press},
	Title = {Law and Colonial Cultures: Legal Regimes in World History, 1400-1900},
	Year = {2002}}

@book{boix2003,
	Address = {New York, NY},
	Author = {Boix, Carles},
	Publisher = {Cambridge University Press},
	Title = {Democracy and Redistribution},
	Year = {2003}}

@book{cooper2002,
	Address = {New York, NY},
	Author = {Cooper, Frederick},
	Publisher = {Cambridge University Press},
	Title = {Africa since 1940: The Past of the Present},
	Year = {2002}}

@book{cranston1957,
	Address = {London, UK},
	Author = {Cranston, Maurice},
	Publisher = {ngmans, Green, and co.},
	Title = {John Locke: A Biography},
	Year = {1957}}

@book{crosby1986,
	Address = {New York, NY},
	Author = {Crosby, Alfred W.},
	Publisher = {Cambridge University Press},
	Title = {Ecological Imperialism: The Biological Expansion of Europe, 900--1900},
	Year = {1986}}

@book{dahl1971,
	Address = {New Haven, CT},
	Author = {Dahl, Robert},
	Publisher = {Yale University Press},
	Title = {Polyarchy: Participation and Opposition},
	Year = {1971}}

@book{downs1957,
	Address = {New York, NY},
	Author = {Downs, A},
	Edition = {second},
	Publisher = {Harper Collins},
	Title = {An Economic Theory of Democracy},
	Year = {1957}}

@book{batesetal1998,
	Address = {Princeton, NJ},
	Author = {Bates, Robert H and Greif, Avner and Levi, Margaret and Rosenthal, Jean-Laurent and Weingast, Barry R},
	Publisher = {Princeton University Press},
	Title = {Analytic Narratives},
	Year = {1998}}

@book{herbst2000,
	Address = {Princeton, NJ},
	Author = {Herbst, Jeffrey},
	Publisher = {Princeton University Press},
	Title = {States and Power in Africa: Comparative Lessons in Authority and Control},
	Year = {2000}}

@book{gellner1983,
	Author = {Gellner, Ernest},
	Location = {New York, NY},
	Publisher = {Oxford University Press},
	Title = {Nations and Nationalism},
	Year = {1983}}

@book{gerbergreen2012,
	Address = {New York, NY},
	Author = {Gerber, Alan S and Green, Donald P},
	Date-Modified = {2016-06-29 15:03:08 +0000},
	Publisher = {W.W. Norton},
	Title = {Field Experiments: Design, Analysis, and Interpretation},
	Year = {2012}}

@book{kiernan2007,
	Address = {New Haven, CT},
	Author = {Kiernan, Ben},
	Publisher = {Yale University Press},
	Title = {Blood and Soil: Genocide and Extermination in World History from Carthage to Darfur},
	Year = {2007}}

@book{levi1989,
	Address = {Berkeley, CA},
	Author = {Levi, Margaret},
	Publisher = {University of California Press},
	Title = {Of Rule and Revenue},
	Year = {1989}}

@book{levitskyway2010,
	Address = {New York, NY},
	Author = {Levitsky, Steven and Way, Lucan A},
	Publisher = {Cambridge University Press},
	Title = {Competitive Authoritarianism: Hybrid Regimes after the Cold War},
	Year = {2010}}

@book{macpherson1962,
	Address = {London, UK},
	Author = {Macpherson, Crawford Brough},
	Publisher = {Oxford University Press},
	Title = {The Political Theory of Possessive Individualism: Hobbes to Locke},
	Year = {1962}}

@book{magaloni2006,
	Address = {New York, NY},
	Author = {Magaloni, Beatriz},
	Publisher = {Cambridge University Press Cambridge},
	Title = {Voting for Autocracy: Hegemonic Party Survival and its Demise in Mexico},
	Year = {2006}}

@book{mamdani1996,
	Address = {Princeton, NJ},
	Author = {Mamdani, Mahmood},
	Publisher = {Princeton University Press},
	Title = {Citizen and Subject: Contemporary Africa and the Legacy of Late Colonialism},
	Year = {1996}}

@book{mann2005,
	Address = {New York, NY},
	Author = {Mann, Michael},
	Publisher = {Cambridge University Press},
	Title = {The dark side of democracy: explaining ethnic cleansing},
	Year = {2005}}

@book{mantena2010,
	Author = {Mantena, Karuna},
	Publisher = {Princeton University Press},
	Title = {Alibis of Empire: Henry Maine and the Ends of Liberal Imperialism},
	Year = {2010}}

@book{mehta1999,
	Address = {Chicago, IL},
	Author = {Mehta, Uday Singh},
	Publisher = {University of Chicago Press},
	Title = {Liberalism and Empire: A Study in Nineteenth-Century British Liberal Thought},
	Year = {1999}}

@book{muthu2003,
	Address = {Princeton, NJ},
	Author = {Muthu, Sankar},
	Publisher = {Princeton University Press},
	Title = {Enlightenment against Empire},
	Year = {2003}}

@book{north1990,
	Address = {New York, NY},
	Author = {North, Douglass C.},
	Publisher = {Cambridge University Press},
	Title = {Institutions, Institutional Change and Economic Performance},
	Year = {1990}}

@book{norththomas1973,
	Address = {New York, NY},
	Author = {North, Douglass C and Thomas, Robert Paul},
	Publisher = {Cambridge University Press},
	Title = {The Rise of the Western World: A New Economic History},
	Year = {1973}}

@book{osterhammel2005,
	Address = {Princeton, NJ},
	Author = {Osterhammel, J{\"u}rgen},
	Publisher = {Markus Wiener Publishers},
	Title = {Colonialism: A Theoretical Overview},
	Translator = {Shelley L. Frisch},
	Year = {2005}}

@book{pitts2009,
	Address = {Princeton, NJ},
	Author = {Pitts, Jennifer},
	Publisher = {Princeton University Press},
	Title = {A Turn to Empire: The Rise of Imperial Liberalism in Britain and France},
	Year = {2009}}

@book{schumpeter1956,
	Address = {New York},
	Author = {Schumpeter, Joseph},
	Publisher = {Harper and Row},
	Title = {Capitalism, Socialism and Democracy},
	Year = {1956}}

@book{schelling1960,
	Address = {Cambridge, MA},
	Author = {Schelling, Thomas},
	Publisher = {Harvard University Press},
	Title = {The Strategy of Conflict},
	Year = {1960}}

@book{scott2009,
	Address = {New Haven, CT},
	Author = {Scott, James C.},
	Publisher = {Yale University Press},
	Title = {The Art of Not Being Governed: An Anarchist History of Upland Southeast Asia},
	Year = {2009}}

@book{simmons1992,
	Address = {Princeton, NJ},
	Author = {Simmons, A. John},
	Publisher = {Princeton University Press},
	Title = {The Lockean Theory of Rights},
	Year = {1992}}

@book{veracini2010,
	Address = {New York, NY},
	Author = {Veracini, Lorenzo},
	Publisher = {Palgrave Macmillan},
	Title = {Settler Colonialism: A Theoretical Overview},
	Year = {2010}}

@book{veracini2015,
	Address = {New York, NY},
	Author = {Veracini, Lorenzo},
	Publisher = {Palgrave Macmillan},
	Title = {The Settler Colonial Present},
	Year = {2015}}

@book{waldron2002,
	Address = {Cambridge, UK},
	Author = {Waldron, Jeremy},
	Publisher = {Cambridge University Press},
	Title = {God, Locke, and Equality: Christian Foundations of John Locke's Political Thought},
	Year = {2002}}

@book{wolfe1999,
	Address = {London, UK},
	Author = {Wolfe, Patrick},
	Publisher = {Cassell},
	Title = {Settler Colonialism and the Transformation of Anthropology},
	Year = {1999}}

@incollection{dahl1979,
	Address = {New Haven, CT},
	Author = {Dahl, Robert A.},
	Booktitle = {Philosophy, Politics, and Society},
	Editor = {Peter Laslett and James Fishkin},
	Publisher = {Yale University Press},
	Title = {Procedural Democracy},
	Year = {1979}}

@incollection{elkinspedersen2005,
	Address = {New York, NY},
	Author = {Elkins, Caroline and Pedersen, Susan},
	Booktitle = {Settler Colonialism in the Twentieth Century: Projects, Practices, Legacies},
	Editor = {Caroline Elkins and Pedersen, Susan},
	Publisher = {Routledge},
	Title = {Settler Colonialism: A Concept and Its Uses},
	Year = {2005}}

@incollection{haber2006,
	Address = {New York, NY},
	Author = {Haber, Stephen},
	Booktitle = {The Oxford Handbook of Political Economy},
	Editor = {Donald A. Wittman and Barry R. Weingast},
	Pages = {693--707},
	Publisher = {Oxford University Press},
	Title = {Authoritarian Government},
	Year = {2006}}

@incollection{shepsle2008,
	Address = {New York, NY},
	Author = {Shepsle, Kenneth},
	Booktitle = {The Oxford Handbook of Political Institutions},
	Editor = {Sarah A. Binder, R. A. W. Rhodes, and Bert A. Rockman},
	Pages = {23--38},
	Publisher = {Oxford University Press},
	Title = {Rational Choice Institutionalism},
	Year = {2008}}

@incollection{calvert1995,
	Author = {Calvert, Randall},
	Booktitle = {Explaining Social Institutions},
	Editor = {Jack Knight and Itai Sened},
	Pages = {57--95},
	Title = {Rational actors, Equilibrium, and Social Institutions},
	Year = {1998}}

@incollection{katznelson2002,
	Author = {Katznelson, Ira},
	Booktitle = {Shaped by War and Trade: International Influences on American Political Development},
	Editor = {Ira Katznelson and Martin Shefter},
	Pages = {82--110},
	Title = {Flexible Capacity: The Military and Early American Statebuilding},
	Year = {2002}}

@incollection{pateman2007,
	Address = {Walden, MA},
	Author = {Pateman, Carole},
	Booktitle = {The Contract and Domination},
	Editor = {Carole Pateman and Charles Mills},
	Pages = {35--78},
	Publisher = {Polity Press},
	Title = {The Settler Contract},
	Year = {2007}}

@techreport{alesinareich2013,
	Address = {Cambridge, MA},
	Author = {Alesina, Alberto and Reich, Bryony},
	Institution = {National Bureau of Economic Research},
	Number = {NBER Working Paper No. 18839},
	Title = {Nation Building},
	Year = {2013}}
