@Article{samiiAronow2012HC2equivNeyman,
  author = 	 {Samii, Cyrus and Aronow, Peter},
  title = 	 {On equivalencies between design-based and regression-based variance estimators for randomized experiments},
  journal = 	 {Statistics and Probability Letters},
  year = 	 {2012},
  volume = {82},
  pages =        {365--370}
}

@Article{middletonAronow2015ATEforclusterRCTs,
  author = 	 {Middleton, Joel A. and Aronow, Peter M.},
  title = 	 {Unbiased Estimation of the Average Treatment Effect in Cluster-Randomized Experiments},
  journal = 	 {Statistics, Politics, and Policy},
  year = 	 {2015},
  OPTvolume = 	 {6},
  OPTnumber = 	 {1--2},
  OPTpages = 	 {39--75}
}

@article{aronow2013class,
  title={A class of unbiased estimators of the average treatment effect in randomized experiments},
  author={Aronow, Peter M and Middleton, Joel A},
  journal={Journal of Causal Inference},
  volume={1},
  number={1},
  pages={135--154},
  year={2013}
}

@article{cerda2012reducing,
	Author = {Cerd{\'a}, Magdalena and Morenoff, Jeffrey D and Hansen, Ben B and Hicks, Kimberly J Tessari and Duque, Luis F and Restrepo, Alexandra and Diez-Roux, Ana V},
	Journal = {American journal of epidemiology},
	Number = {10},
	Pages = {1045--1053},
	Title = {Reducing violence by transforming neighborhoods: a natural experiment in Medell{\'\i}n, Colombia},
	Volume = {175},
	Year = {2012}}

@article{neyman:1923,
	Author = {Neyman, J.},
	Journal = {Statistical Science},
	Pages = {463--480},
	Title = {On the application of probability theory to agricultural experiments. Essay on principles. Section 9 (1923)},
	Volume = {5},
	Year = {1923 {[1990]}}}

@article{freedman2008randomization,
	Author = {Freedman, David A.},
	Journal = {Statistical Science},
	Number = {2},
	Pages = {237--249},
	Title = {Randomization does not justify logistic regression},
	Volume = {23},
	Year = {2008}}


@book{dunning2012natural,
	Author = {Dunning, Thad},
	Publisher = {Cambridge University Press},
	Title = {Natural experiments in the social sciences: a design-based approach},
	Year = {2012}}

@book{rosenbaum2010design,
	Author = {Rosenbaum, Paul R.},
	Month = {May},
	Publisher = {Springer},
	Title = {Design of Observational Studies},
	Year = {2010}}

@article{lin2013agnostic,
	Author = {Lin, Winston},
	Journal = {The Annals of Applied Statistics},
	Number = {1},
	Pages = {295--318},
	Title = {Agnostic notes on regression adjustments to experimental data: Reexamining Freedman's critique},
	Volume = {7},
	Year = {2013}}


@article{lu2011optimal,
	Author = {Lu, B. and Greevy, R. and Xu, X. and Beck, C.},
	Journal = {The American Statistician},
	Number = {1},
	Pages = {21--30},
	Title = {Optimal nonbipartite matching and its statistical applications},
	Volume = {65},
	Year = {2011}}


@article{smith:1997,
	Author = {Smith, H.L.},
	Journal = {Sociological Methodology},
	Pages = {325--353},
	Title = {Matching with Multiple Controls to Estimate Treatment Effects in Observational Studies},
	Volume = {27},
	Year = {1997}}

@article{wong2012jop,
	Author = {Cara Wong and Jake Bowers and Tarah Williams and Katherine Drake},
	Journal = {Journal of Politics},
	Month = {October},
	Number = {4},
	Pages = {1153--1170},
	Title = {Bringing the Person Back In: Boundaries, Misperceptions, and the Measurement of Racial Context},
	Volume = {74},
	Year = {2012}}

@book{gerber2012field,
	Author = {Gerber, A.S. and Green, D.P.},
	Publisher = {WW Norton},
	Title = {Field experiments: Design, analysis, and interpretation},
	Year = {2012}}

@article{hosman2010,
	Author = {Hosman, Carrie A and Hansen, Ben B. and Holland, Paul W.},
	Journal = {The Annals of Applied Statistics},
	Number = {2},
	Pages = {849--870},
	Title = {The sensitivity of linear regression coefficients's confidence limits to the omission of a confounder},
	Volume = {4},
	Year = {2010}}

@article{rosenbaum2009amplification,
	Author = {Rosenbaum, Paul R and Silber, Jeffrey H},
	Journal = {Journal of the American Statistical Association},
	Number = {488},
	Title = {Amplification of sensitivity analysis in matched observational studies},
	Volume = {104},
	Year = {2009}}

@article{rosenbaumtwo,
	Author = {Rosenbaum, Paul R},
	Title = {Two R Packages for Sensitivity Analysis in Observational
	  Studies},
	Journal = {Observational Studies},
	Year = {2015},
	Volume ={1},
	Number = {1},
	Pages = {1--17},
	Url={http://obsstudies.org/files/packpaperos_published.pdf}
}

